<?xml version="1.0" encoding="UTF-8"?><record xmlns="http://www.loc.gov/MARC21/slim" xmlns:cinclude="http://apache.org/cocoon/include/1.0" xmlns:zs="http://www.loc.gov/zing/srw/">
  <leader>00382nz  a2200121n  4500</leader>
  <controlfield tag="001">n 2006091211</controlfield>
  <controlfield tag="003">DLC</controlfield>
  <controlfield tag="005">20061202074924.0</controlfield>
  <controlfield tag="008">061201n| acannaabn          |n aaa      </controlfield>
  <datafield tag="010" ind1=" " ind2=" ">
    <subfield code="a">n 2006091211</subfield>
  </datafield>
  <datafield tag="040" ind1=" " ind2=" ">
    <subfield code="a">DLC</subfield>
    <subfield code="b">eng</subfield>
    <subfield code="c">DLC</subfield>
  </datafield>
  <datafield tag="100" ind1="1" ind2=" ">
    <subfield code="a">Camp, Florence Ella,</subfield>
    <subfield code="d">1922-</subfield>
  </datafield>
  <datafield tag="670" ind1=" " ind2=" ">
    <subfield code="a">Ottmer, James H. The ancestry of Florence Camp, c2005:</subfield>
    <subfield code="b">t.p. (Florence Camp) p. 314 (Florence Ella Camp, b. 1922)</subfield>
  </datafield>
</record>